\Sort{
  Mode{on}
  Collation{mixed}
  SortTypeOrder{key,name}
  NameOrder{ascending}
  Key{{author,editor}}
  KeyOrder{ascending,nulls first}
}
@STRING{TIJRR ="The International Journal of Robotics Research"}
@STRING{IJRA ="International Journal of Robotics and Automation"}
@STRING{IEEETAC = "IEEE Trans. on Automatic Control"}
@STRING{ASMEJDSMC = "ASME Jour. of Dynamic Systems, Measurement, and Control"}
@STRING{IEEEJRA = "IEEE Jour. of Robotics and Automation"}
@STRING{IEEETRA = "IEEE Trans. of Robotics and Automation"}
@STRING{ASMEJAM = "ASME Jour. of Applied Mechanics"}
@STRING{IEEETSMC = "IEEE Trans. on Systems, Man and Cybernetics"}
@STRING{IEEECDC = "Proceedings of the IEEE Conference on Decision and Control"}
@STRING{IEEECRA = "Proceedings of the IEEE Conference on Robotics and Automation"}
@STRING{ACC = "Proceedings of the American Control Conference"}

@ARTICLE{corke,
  author = {Peter I. Corke},
  month = {March},
  year = 1996,
  title = {A Robotics {TOOLBOX} for {MATLAB}},
  journal = {IEEE Robotics \& Automation Magazine},
  volume = 3,
  number = 1,
  pages = {24--32},
  address = {Preston, Australia},
  institution = {CSIRO, Division of Manufacturing Technology}
}
@BOOK{craig,
  author = {Craig, J. J.},
  year = 1989,
  title = {Introduction to Robotics: Mechanics and Control},
  edition = {2nd},
  publisher = {Addison-Wesley Publising Company}
}
@BOOK{eckel,
  author = {Eckel, Bruce},
  year = 1993,
  title = {C++ inside \& out},
  publisher = {Osborne, McGraw-Hill}
}
@ARTICLE{honey_jamshidi,
  author = {Honey, William E. and Jamshidi, Mohammed},
  year = 1992,
  title = {{ROBO\_SIM}: A Robotics Simulation Environnement on Personnal
          Computers},
  journal = {Robotics and Autonomous Systems},
  volume = 9,
  number = 4,
  pages = {305--317}
}
@ARTICLE{kwatny,
  author = {Kwatny, Harry G. and Blankenship, Gilmer L.},
  month = {April},
  year = 1995,
  title = {Symbolic Construction of Models for Multibody Dynamics},
  journal = IEEETRA,
  volume = {RA--11},
  number = 2,
  pages = {271--281}
}
@ARTICLE{leu_hemati,
  author = {Leu, M. C. and Hemati, N.},
  month = {Sept},
  year = 1986,
  title = {Automated Symbolic Derivation of Dynamic Equations for Robotic
          Manipulators},
  journal = ASMEJDSMC,
  volume = 108,
  pages = {172--179}
}
@INPROCEEDINGS{murray_neuman,
  author = {Murray, J. J. and Neuman, C. P.},
  year = 1984,
  title = {ARM: An Algebraic Robot Dynamic Modeling Program},
  booktitle = {Proc. Intl. Conf. Robotics},
  pages = {103--113},
  address = {Atlanta, Ga.}
}
@ARTICLE{nethery,
  author = {J. F. Nethery and M. W. Spong},
  month = {March},
  year = 1994,
  title = {Robotica: A {M}athematica Package for Robot Analysis},
  journal = {IEEE Robotics \& Automation Magazine},
  volume = 1,
  number = 1,
  pages = {13--20}
}
@BOOK{press_flannery,
  author = {Press, William H. and Flannery, Brian P. and Teukolsky, Saul A.
           and Vetterling, William T.},
  year = 1988,
  title = {Numerical Recipes in C, The Art of Scientific Computing},
  publisher = {Cambridge University Press}
}
